@book{Russinovich2022,
  author    = {Pavel Yosifovich and Alex Ionescu and Mark E. Russinovich and David A. Solomon},
  title     = {Windows Internals, Part 1 (7th Edition)},
  publisher = {Microsoft Press},
  year      = {2022}
}

@misc{nadim2023kernellevelrootkitdetectionprevention,
      title={Kernel-level Rootkit Detection, Prevention and Behavior Profiling: A Taxonomy and Survey}, 
      author={Mohammad Nadim and Wonjun Lee and David Akopian},
      year={2023},
      eprint={2304.00473},
      archivePrefix={arXiv},
      primaryClass={cs.CR},
      url={https://arxiv.org/abs/2304.00473}, 
}
@article{Orr2019,
  author    = {Aliz Hammond},
  title     = {Hiding malicious code with “Module Stomping”},
  journal   = {F-Secure Blog},
  year      = {2019},
  month     = {August},
  url       = {https://web.archive.org/web/20250330184557/https://blog.f-secure.com/hiding-malicious-code-with-module-stomping/}
}

@misc{IredTeamModuleStomping,
  author = {{ired.team}},
  title  = {Module Stomping - DLL Hollowing - Shellcode Injection},
  year   = {2020},
  url    = {https://www.ired.team/offensive-security/code-injection-process-injection/modulestomping-dll-hollowing-shellcode-injection}
}

@article{MITRE_ATTACK_DEFENSE_EVASION,
  author    = {{The MITRE Corporation}},
  title     = {Defense Evasion, Tactic TA0005},
  journal   = {MITRE ATT\&CK},
  year      = {2024},
  url       = {https://attack.mitre.org/tactics/TA0005/}
}

@INPROCEEDINGS{Garfinkel2003_VMI,
    author = "Tal Garfinkel and Mendel Rosenblum",
    title = "A Virtual Machine Introspection Based Architecture for
    Intrusion Detection",
    booktitle = "Proc. Network and Distributed Systems Security Symposium",
    month = "February",
    year = "2003"
}

@misc{hasherezade_pesieve,
  author = {Aleksandra "hasherezade" Doniec},
  title  = {{PE-sieve: A tool for finding implants in running processes}},
  howpublished = {\url{https://github.com/hasherezade/pe-sieve}},
  year   = {2017},
}

@book{Ligh2005_Volatility,
  author    = {Michael Ligh and Andrew Case and Jamie Levy and Aaron Walters},
  title     = {The Art of Memory Forensics: Detecting Malware and Threats in Windows, Linux, and Mac Memory},
  publisher = {Wiley},
  year      = {2014},
}

@book{IntelVTX,
  author    = {{Intel Corporation}},
  title     = {Intel 64 and IA-32 Architectures Software Developer's Manual, Volume 3C: System Programming Guide},
  publisher = {Intel Corporation},
  year      = {2024},
  note      = {Reference Number: 325384-079US. Part 3, Chapter 24: Virtual Machine Extensions.}
}

@misc{MSDN_APISets,
  author = {Microsoft},
  title  = {{Windows API Sets}},
  howpublished = {\url{https://learn.microsoft.com/en-us/windows/win32/apiindex/api-set-loader-operation}},
  year   = {2023},
}

@techreport{crowdstrike2024gtr,
  author = {{CrowdStrike}},
  title = {CrowdStrike 2024 Global Threat Report},
  institution = {CrowdStrike},
  year = {2024},
  url = {https://www.crowdstrike.com/global-threat-report/}
}

@techreport{mandiant2024mtrends,
  author = {{Mandiant}},
  title = {M-Trends 2024},
  institution = {Mandiant},
  year = {2024},
  url = {https://www.mandiant.com/m-trends}
}

@misc{fewer2008reflective,
  author = {Fewer, S.},
  title = {Reflective DLL Injection},
  year = {2008},
  howpublished = {\url{https://github.com/stephenfewer/ReflectiveDLLInjection}},
}

@online{chromiumV8Jit,
  author = {{The Chromium Projects}},
  title = {V8 JavaScript Engine: JIT Compiler},
  url = {https://v8.dev/docs/gdb-jit},
}

@online{microsoftDLLs,
  author = {{Microsoft}},
  title = {Dynamic-Link Libraries},
  year = {2023},
  url = {https://docs.microsoft.com/en-us/windows/win32/dlls/dynamic-link-libraries},
}

@online{microsoftVirtualProtectEx,
  author = {{Microsoft}},
  title = {VirtualProtectEx function},
  year = {2023},
  url = {https://docs.microsoft.com/en-us/windows/win32/api/memoryapi/nf-memoryapi-virtualprotectex},
}

@online{elastic2023injection,
  author = {{Elastic Security Labs, Ashkan Hosseini}},
  title = {Ten process injection techniques: A technical survey of common and trending process injection techniques},
  year = {2017},
  url = {https://www.elastic.co/blog/ten-process-injection-techniques-technical-survey-common-and-trending-process},
}

@inproceedings{kruegel2004detecting,
  author = {Kruegel, C. and Robertson, W. and Vigna, G.},
  title = {Detecting Kernel-Level Rootkits Through Binary Analysis},
  booktitle = {Proceedings of the Annual Computer Security Applications Conference (ACSAC)},
  year = {2004}
}

@book{nebbett2000native,
  author = {Nebbett, G.},
  title = {Windows NT/2000 Native API Reference},
  publisher = {Macmillan Technical Publishing},
  year = {2000}
}

@online{nistDiD,
  author = {{National Institute of Standards and Technology}},
  title = {Defense in Depth},
  organization = {NIST Glossary},
  url = {https://csrc.nist.gov/glossary/term/defense_in_depth},
}

@book{stroustrup2013cpp,
  author = {Stroustrup, B.},
  title = {The C++ Programming Language},
  edition = {4th},
  publisher = {Addison-Wesley},
  year = {2013}
}

@online{microsoftPsLookup,
  author = {{Microsoft}},
  title = {PsLookupProcessByProcessId function},
  year = {2024},
  url = {https://docs.microsoft.com/en-us/windows-hardware/drivers/ddi/ntifs/nf-ntifs-pslookupprocessbyprocessid},
}

@online{microsoftObDeref,
  author = {{Microsoft}},
  title = {ObDereferenceObject function},
  year = {2024},
  url = {https://docs.microsoft.com/en-us/windows-hardware/drivers/ddi/wdm/nf-wdm-obdereferenceobject},
}

@online{microsoftKeStackAttach,
  author = {{Microsoft}},
  title = {KeStackAttachProcess function},
  year = {2024},
  url = {https://docs.microsoft.com/en-us/windows-hardware/drivers/ddi/ntifs/nf-ntifs-kestackattachprocess},
}

@online{microsoftKeUnstackDetach,
  author = {{Microsoft}},
  title = {KeUnstackDetachProcess function},
  year = {2024},
  url = {https://docs.microsoft.com/en-us/windows-hardware/drivers/ddi/ntifs/nf-ntifs-keunstackdetachprocess},
}

@misc{colletXXHash,
  author = {Collet, Y.},
  title = {{XXH64} Hash Algorithm},
  howpublished = {\url{https://github.com/Cyan4973/xxHash}},
}

@online{microsoftPsSetCreateThreadNotify,
  author = {{Microsoft}},
  title = {PsSetCreateThreadNotifyRoutine function},
  year = {2024},
  url = {https://docs.microsoft.com/en-us/windows-hardware/drivers/ddi/ntddk/nf-ntddk-pssetcreatethreadnotifyroutine},
}

@online{chappellPEB,
  author = {Chappell, G.},
  title = {The Process Environment Block},
  organization = {Geoff Chappell, Software Analyst},
  url = {https://www.geoffchappell.com/studies/windows/win32/ntdll/structs/peb/index.htm},
}

@online{microsoftDSE,
  author = {{Microsoft}},
  title = {Driver Signing Policy},
  year = {2024},
  url = {https://learn.microsoft.com/en-us/windows-hardware/drivers/install/kernel-mode-code-signing-policy--windows-vista-and-later-},
}